@book{natarajan2014machine,
  title={Machine Learning: A Theoretical Approach},
  author={Natarajan, B.K.},
  isbn={9780080510538},
  url={https://books.google.co.ve/books?id=cnyjBQAAQBAJ},
  year={2014},
  publisher={Elsevier Science}
}

@book{Negnevitsky:2001:AIG:559102,
 author = {Negnevitsky, Michael},
 title = {Artificial Intelligence: A Guide to Intelligent Systems},
 year = {2001},
 isbn = {0201711591},
 edition = {1st},
 publisher = {Addison-Wesley Longman Publishing Co., Inc.},
 address = {Boston, MA, USA},
} 

@book{Haykin:1994:NNC:541500,
 author = {Haykin, Simon},
 title = {Neural Networks: A Comprehensive Foundation},
 year = {1994},
 isbn = {0023527617},
 edition = {1st},
 publisher = {Prentice Hall PTR},
 address = {Upper Saddle River, NJ, USA},
} 

@book{Demuth:2014:NND:2721661,
 author = {Demuth, Howard B. and Beale, Mark H. and De Jess, Orlando and Hagan, Martin T.},
 title = {Neural Network Design},
 year = {2014},
 isbn = {0971732116, 9780971732117},
 edition = {2nd},
 publisher = {Martin Hagan},
 address = {USA},
}

@article{russell1995modern,
  title={A modern approach},
  author={Russell, Stuart and Norvig, Peter and Intelligence, Artificial},
  journal={Artificial Intelligence. Prentice-Hall, Egnlewood Cliffs},
  volume={25},
  number={27},
  pages={79--80},
  year={1995},
  publisher={Citeseer}
}

@book{friedman2001elements,
	title={The elements of statistical learning},
	author={Friedman, Jerome and Hastie, Trevor and Tibshirani, Robert},
	volume={1},
	number={10},
	year={2001},
	publisher={Springer series in statistics New York, NY, USA:}
}

@MISC{Orr96introductionto,
    author = {Mark J. L. Orr},
    title = {Introduction to Radial Basis Function Networks},
    year = {1996}
}

@book{Kohonen:2001:SM:558021,
 editor = {Kohonen, T. and Schroeder, M. R. and Huang, T. S.},
 title = {Self-Organizing Maps},
 year = {2001},
 isbn = {3540679219},
 edition = {3rd},
 publisher = {Springer-Verlag},
 address = {Berlin, Heidelberg},
} 

@inproceedings{46484,
title	= {TFX: A TensorFlow-Based Production-Scale Machine Learning Platform},
author	= {Akshay Naresh Modi and Chiu Yuen Koo and Chuan Yu Foo and Clemens Mewald and Denis M. Baylor and Eric Breck and Heng-Tze Cheng and Jarek Wilkiewicz and Levent Koc and Lukasz Lew and Martin A. Zinkevich and Martin Wicke and Mustafa Ispir and Neoklis Polyzotis and Noah Fiedel and Salem Elie Haykal and Steven Whang and Sudip Roy and Sukriti Ramesh and Vihan Jain and Xin Zhang and Zakaria Haque},
year	= {2017},
booktitle	= {KDD 2017}
}



@book{keller2016fundamentals,
  title={Fundamentals of computational intelligence: neural networks, fuzzy systems, and evolutionary computation},
  author={Keller, James M and Liu, Derong and Fogel, David B},
  year={2016},
  publisher={John Wiley \& Sons}
}

@book{james2013introduction,
  title={An introduction to statistical learning},
  author={James, Gareth and Witten, Daniela and Hastie, Trevor and Tibshirani, Robert},
  volume={112},
  year={2013},
  publisher={Springer}
}

@book{abu2012learning,
  title={Learning from data},
  author={Abu-Mostafa, Yaser S and Magdon-Ismail, Malik and Lin, Hsuan-Tien},
  volume={4},
  year={2012},
  publisher={AMLBook New York, NY, USA:}
}

@book{Patterson:2017:DLP:3169957,
 author = {Patterson, Josh and Gibson, Adam},
 title = {Deep Learning: A Practitioner's Approach},
 year = {2017},
 isbn = {1491914254, 9781491914250},
 edition = {1st},
 publisher = {O'Reilly Media, Inc.},
} 

@book{Goodfellow:2016:DL:3086952,
 author = {Goodfellow, Ian and Bengio, Yoshua and Courville, Aaron},
 title = {Deep Learning},
 year = {2016},
 isbn = {0262035618, 9780262035613},
 publisher = {The MIT Press},
} 

@article{DBLP:journals/corr/VaswaniSPUJGKP17,
  author    = {Ashish Vaswani and
               Noam Shazeer and
               Niki Parmar and
               Jakob Uszkoreit and
               Llion Jones and
               Aidan N. Gomez and
               Lukasz Kaiser and
               Illia Polosukhin},
  title     = {Attention Is All You Need},
  journal   = {CoRR},
  volume    = {abs/1706.03762},
  year      = {2017},
  url       = {http://arxiv.org/abs/1706.03762},
  eprinttype = {arXiv},
  eprint    = {1706.03762},
  timestamp = {Sat, 23 Jan 2021 01:20:40 +0100},
  biburl    = {https://dblp.org/rec/journals/corr/VaswaniSPUJGKP17.bib},
  bibsource = {dblp computer science bibliography, https://dblp.org}
}

@article{DBLP:journals/corr/abs-1810-04805,
  author    = {Jacob Devlin and
               Ming{-}Wei Chang and
               Kenton Lee and
               Kristina Toutanova},
  title     = {{BERT:} Pre-training of Deep Bidirectional Transformers for Language
               Understanding},
  journal   = {CoRR},
  volume    = {abs/1810.04805},
  year      = {2018},
  url       = {http://arxiv.org/abs/1810.04805},
  eprinttype = {arXiv},
  eprint    = {1810.04805},
  timestamp = {Tue, 30 Oct 2018 20:39:56 +0100},
  biburl    = {https://dblp.org/rec/journals/corr/abs-1810-04805.bib},
  bibsource = {dblp computer science bibliography, https://dblp.org}
}

@article{DBLP:journals/corr/abs-2112-10752,
  author    = {Robin Rombach and
               Andreas Blattmann and
               Dominik Lorenz and
               Patrick Esser and
               Bj{\"{o}}rn Ommer},
  title     = {High-Resolution Image Synthesis with Latent Diffusion Models},
  journal   = {CoRR},
  volume    = {abs/2112.10752},
  year      = {2021},
  url       = {https://arxiv.org/abs/2112.10752},
  eprinttype = {arXiv},
  eprint    = {2112.10752},
  timestamp = {Tue, 04 Jan 2022 15:59:27 +0100},
  biburl    = {https://dblp.org/rec/journals/corr/abs-2112-10752.bib},
  bibsource = {dblp computer science bibliography, https://dblp.org}
}

@article{DBLP:journals/corr/abs-1906-00446,
  author    = {Ali Razavi and
               A{\"{a}}ron van den Oord and
               Oriol Vinyals},
  title     = {Generating Diverse High-Fidelity Images with {VQ-VAE-2}},
  journal   = {CoRR},
  volume    = {abs/1906.00446},
  year      = {2019},
  url       = {http://arxiv.org/abs/1906.00446},
  eprinttype = {arXiv},
  eprint    = {1906.00446},
  timestamp = {Thu, 13 Jun 2019 13:36:00 +0200},
  biburl    = {https://dblp.org/rec/journals/corr/abs-1906-00446.bib},
  bibsource = {dblp computer science bibliography, https://dblp.org}
}

@article{goodfellow2020generative,
  title={Generative adversarial networks},
  author={Goodfellow, Ian and Pouget-Abadie, Jean and Mirza, Mehdi and Xu, Bing and Warde-Farley, David and Ozair, Sherjil and Courville, Aaron and Bengio, Yoshua},
  journal={Communications of the ACM},
  volume={63},
  number={11},
  pages={139--144},
  year={2020},
  publisher={ACM New York, NY, USA}
}

@article{DBLP:journals/corr/abs-1909-00161,
  author    = {Wenpeng Yin and
               Jamaal Hay and
               Dan Roth},
  title     = {Benchmarking Zero-shot Text Classification: Datasets, Evaluation and
               Entailment Approach},
  journal   = {CoRR},
  volume    = {abs/1909.00161},
  year      = {2019},
  url       = {http://arxiv.org/abs/1909.00161},
  eprinttype = {arXiv},
  eprint    = {1909.00161},
  timestamp = {Mon, 16 Sep 2019 17:27:14 +0200},
  biburl    = {https://dblp.org/rec/journals/corr/abs-1909-00161.bib},
  bibsource = {dblp computer science bibliography, https://dblp.org}
}

@article{DBLP:journals/corr/WilliamsNB17,
  author    = {Adina Williams and
               Nikita Nangia and
               Samuel R. Bowman},
  title     = {A Broad-Coverage Challenge Corpus for Sentence Understanding through
               Inference},
  journal   = {CoRR},
  volume    = {abs/1704.05426},
  year      = {2017},
  url       = {http://arxiv.org/abs/1704.05426},
  eprinttype = {arXiv},
  eprint    = {1704.05426},
  timestamp = {Mon, 13 Aug 2018 16:47:54 +0200},
  biburl    = {https://dblp.org/rec/journals/corr/WilliamsNB17.bib},
  bibsource = {dblp computer science bibliography, https://dblp.org}
}

@article{DBLP:journals/corr/abs-2010-02013,
  author    = {Konstantinos Katsiapis and
               Abhijit Karmarkar and
               Ahmet Altay and
               Aleksandr Zaks and
               Neoklis Polyzotis and
               Anusha Ramesh and
               Ben Mathes and
               Gautam Vasudevan and
               Irene Giannoumis and
               Jarek Wilkiewicz and
               Jiri Simsa and
               Justin Hong and
               Mitchell Trott and
               No{\'{e}} Lutz and
               Pavel A. Dournov and
               Robert Crowe and
               Sarah Sirajuddin and
               Tris Brian Warkentin and
               Zhitao Li},
  title     = {Towards {ML} Engineering: {A} Brief History Of TensorFlow Extended
               {(TFX)}},
  journal   = {CoRR},
  volume    = {abs/2010.02013},
  year      = {2020},
  url       = {https://arxiv.org/abs/2010.02013},
  eprinttype = {arXiv},
  eprint    = {2010.02013},
  timestamp = {Mon, 12 Oct 2020 17:53:10 +0200},
  biburl    = {https://dblp.org/rec/journals/corr/abs-2010-02013.bib},
  bibsource = {dblp computer science bibliography, https://dblp.org}
}

@article{sculley2015hidden,
  title={Hidden technical debt in machine learning systems},
  author={Sculley, David and Holt, Gary and Golovin, Daniel and Davydov, Eugene and Phillips, Todd and Ebner, Dietmar and Chaudhary, Vinay and Young, Michael and Crespo, Jean-Francois and Dennison, Dan},
  journal={Advances in neural information processing systems},
  volume={28},
  year={2015}
}

@article{shankar2022operationalizing,
  title={Operationalizing machine learning: An interview study},
  author={Shankar, Shreya and Garcia, Rolando and Hellerstein, Joseph M and Parameswaran, Aditya G},
  journal={arXiv preprint arXiv:2209.09125},
  year={2022}
}

@inproceedings{borzunov2022training,
  title={Training Transformers Together},
  author={Borzunov, Alexander and Ryabinin, Max and Dettmers, Tim and Lhoest, Quentin and Saulnier, Lucile and Diskin, Michael and Jernite, Yacine},
  booktitle={NeurIPS 2021 Competitions and Demonstrations Track},
  pages={335--342},
  year={2022},
  organization={PMLR}
}

@article{DBLP:journals/corr/XianLSA17,
  author    = {Yongqin Xian and
               Christoph H. Lampert and
               Bernt Schiele and
               Zeynep Akata},
  title     = {Zero-Shot Learning - {A} Comprehensive Evaluation of the Good, the
               Bad and the Ugly},
  journal   = {CoRR},
  volume    = {abs/1707.00600},
  year      = {2017},
  url       = {http://arxiv.org/abs/1707.00600},
  eprinttype = {arXiv},
  eprint    = {1707.00600},
  timestamp = {Mon, 13 Aug 2018 16:48:51 +0200},
  biburl    = {https://dblp.org/rec/journals/corr/XianLSA17.bib},
  bibsource = {dblp computer science bibliography, https://dblp.org}
}

@inproceedings{Radford2018ImprovingLU,
  title={Improving Language Understanding by Generative Pre-Training},
  author={Alec Radford and Karthik Narasimhan},
  year={2018}
}

@article{DBLP:journals/corr/abs-1802-05365,
  author    = {Matthew E. Peters and
               Mark Neumann and
               Mohit Iyyer and
               Matt Gardner and
               Christopher Clark and
               Kenton Lee and
               Luke Zettlemoyer},
  title     = {Deep contextualized word representations},
  journal   = {CoRR},
  volume    = {abs/1802.05365},
  year      = {2018},
  url       = {http://arxiv.org/abs/1802.05365},
  eprinttype = {arXiv},
  eprint    = {1802.05365},
  timestamp = {Mon, 13 Aug 2018 16:48:54 +0200},
  biburl    = {https://dblp.org/rec/journals/corr/abs-1802-05365.bib},
  bibsource = {dblp computer science bibliography, https://dblp.org}
}

@article{DBLP:journals/corr/abs-1801-06146,
  author    = {Jeremy Howard and
               Sebastian Ruder},
  title     = {Fine-tuned Language Models for Text Classification},
  journal   = {CoRR},
  volume    = {abs/1801.06146},
  year      = {2018},
  url       = {http://arxiv.org/abs/1801.06146},
  eprinttype = {arXiv},
  eprint    = {1801.06146},
  timestamp = {Mon, 13 Aug 2018 16:46:54 +0200},
  biburl    = {https://dblp.org/rec/journals/corr/abs-1801-06146.bib},
  bibsource = {dblp computer science bibliography, https://dblp.org}
}
